<record><leader>00000cas a2200000 a 4500</leader><controlfield tag="001">33452256</controlfield><controlfield tag="008">951109d19431943fludn ne      0    0eng c</controlfield><datafield ind1=" " ind2=" " tag="010"><subfield code="a">sn 95047285 </subfield></datafield><datafield ind1=" " ind2=" " tag="040"><subfield code="a">FUG</subfield><subfield code="b">eng</subfield><subfield code="c">FUG</subfield><subfield code="d">OCLCQ</subfield><subfield code="d">OCLCF</subfield><subfield code="d">OCLCO</subfield></datafield><datafield ind1=" " ind2=" " tag="012"><subfield code="i">9511</subfield></datafield><datafield ind1="1" ind2=" " tag="029"><subfield code="a">AU@</subfield><subfield code="b">000025889758</subfield></datafield><datafield ind1=" " ind2=" " tag="042"><subfield code="a">pcc</subfield></datafield><datafield ind1=" " ind2=" " tag="043"><subfield code="a">n-us-fl</subfield></datafield><datafield ind1="0" ind2=" " tag="130"><subfield code="a">Ocala banner (Ocala, Fla. : 1943)</subfield></datafield><datafield ind1="1" ind2="4" tag="245"><subfield code="a">The Ocala banner.</subfield></datafield><datafield ind1=" " ind2=" " tag="260"><subfield code="a">Ocala, Fla. :</subfield><subfield code="b">John H. Perry</subfield></datafield><datafield ind1=" " ind2=" " tag="300"><subfield code="a">1 v.</subfield></datafield><datafield ind1=" " ind2=" " tag="310"><subfield code="a">Daily (except Monday)</subfield></datafield><datafield ind1="1" ind2=" " tag="362"><subfield code="a">Began in 1943.</subfield></datafield><datafield ind1="0" ind2=" " tag="362"><subfield code="a">-78th year, new ser., v. 14, no. 206 (Aug. 29, 1943).</subfield></datafield><datafield ind1=" " ind2=" " tag="588"><subfield code="a">Description based on: 78th year, new ser., vol. 14, no. 61 (Mar. 12, 1943).</subfield></datafield><datafield ind1=" " ind2="0" tag="651"><subfield code="a">Ocala (Fla.)</subfield><subfield code="v">Newspapers.</subfield></datafield><datafield ind1=" " ind2="0" tag="651"><subfield code="a">Marion County (Fla.)</subfield><subfield code="v">Newspapers.</subfield></datafield><datafield ind1=" " ind2="7" tag="655"><subfield code="a">Newspapers.</subfield><subfield code="2">fast</subfield><subfield code="0">(OCoLC)fst01423814</subfield></datafield><datafield ind1=" " ind2="7" tag="651"><subfield code="a">Florida</subfield><subfield code="z">Marion County.</subfield><subfield code="2">fast</subfield><subfield code="0">(OCoLC)fst01204301</subfield></datafield><datafield ind1=" " ind2="7" tag="651"><subfield code="a">Florida</subfield><subfield code="z">Ocala.</subfield><subfield code="2">fast</subfield><subfield code="0">(OCoLC)fst01215855</subfield></datafield><datafield ind1=" " ind2=" " tag="752"><subfield code="a">United States</subfield><subfield code="b">Florida</subfield><subfield code="c">Marion</subfield><subfield code="d">Ocala.</subfield></datafield><datafield ind1="0" ind2="0" tag="780"><subfield code="t">Ocala morning banner</subfield><subfield code="w">(DLC)sn 95047284</subfield><subfield code="w">(OCoLC)33452255</subfield></datafield><datafield ind1="0" ind2="7" tag="785"><subfield code="t">Ocala evening star</subfield><subfield code="w">(DLC)sn 84027621</subfield><subfield code="w">(OCoLC)11319113</subfield></datafield><datafield ind1="0" ind2="7" tag="785"><subfield code="t">Ocala star-banner</subfield><subfield code="x">0163-3201</subfield><subfield code="w">(DLC)sn 78002071</subfield><subfield code="w">(OCoLC)4349584</subfield></datafield><datafield ind1=" " ind2=" " tag="850"><subfield code="a">FU</subfield></datafield></record>